% Encoding: CP-1251
% !TeX spellcheck = uk_UA

@ARTICLE{Al-Saleh2008,
  author = {Al-Saleh, M. and Sundararaj, U.},
  title = {Nanostructured carbon black filled polypropylene/polystyrene blends
	containing styrene-butadiene-styrene copolymer: Influence of morphology
	on electrical resistivity},
  journal = {Eur. Pol. J.},
  year = {2008},
  volume = {44},
  pages = {1931-1939},
  doi = {10.1016/j.eurpolymj.2008.04.013},
}

@ARTICLE{Singh2018,
	author = {Singh, R. S. and Hernandez, R.},
	title = {Modeling soft core-shell colloids using stochastic hard collision dynamics},
	journal = {Chem. Phys. Lett.},
	year = {2018},
	volume = {708},
	pages = {233-240},
	doi = {10.1016/j.cplett.2018.08.032},
}

@ARTICLE{Banheg1986,
  author = {B\'anhegyi, G.},
  title = {Comparison of electrical mixture rules for composites},
  journal = {Colloid Polym. Sci.},
  year = {1986},
  volume = {264},
  pages = {1030-1050},
  doi = {10.1007/BF01410321}
}

@INBOOK{Beek1967,
  chapter = {Dielectric behaviour of heterogeneous systems},
  pages = {69-114},
  title = {Progress in dielectrics},
  publisher = {Heywood, London},
  year = {1967},
  editor = {Birks, J.B.},
  author = {van Beek},
  volume = {7},
}

@ARTICLE{BernasconiJ.1978,
  author = {Bernasconi, J.},
  title = {Real-space renormalization of bond-disordered conductance lattices},
  journal = {Phys. Rev. B},
  year = {1978},
  volume = {18},
  pages = {2185-2191},
  doi = {10.1103/PhysRevB.18.2185},
}

@Article{Bilboul1969,
  author    = {Bilboul, R. R.},
  journal   = {J. Phys. D},
  year      = {1969},
  volume    = {2},
  pages     = {921},
}

@ARTICLE{Bottcher1945,
  author = {B{\"o}ttcher, C. J. F.},
  journal = {Rec. Trav. Chim.},
  year = {1945},
  volume = {64},
  pages = {47},
}

@BOOK{Bottcher1952,
	author = {B{\"o}ttcher, C. J. F.},
	title = {Theory of electric polarisation},
	year = {1952},
	publisher = {Elsevier, Amsterdam}
}

@BOOK{BergmanB,
	author = {Bergman, D. J. and Stroud, D.},
	editor = {Ehrenreich, H. and Turnbull, D.},
	title = {Solid State Physics:
	Advances in Research and Applications},
	volume = {46},
	year = {1992},
	publisher = {San Diego, CA: Academic}
}

@BOOK{Sheng,
	author = {Sheng, P.},
	editor = {Ericksen, J. L. and et al},
	title = {Homogenization and Effective Moduli of
	Materials and Media},
	year = {1986},
	publisher = {Berlin: Springer}
}

@Article{Bergman1978,
	author  = {Bergman, D. J.},
	title   = {The dielectric constant of a composite material—A problem in classical physics},
	journal = {Phys. Rep.},
	year    = {1978},
	volume  = {43},
	pages   = {377-407},
	doi = {10.1016/0370-1573(78)90009-1}
}
@Article{Biot1806,
	author  = {Biot, J. B. and Arago, D. F.},
	title   = {M\'emoire sur les affinit\'es des corps pour la lumi\`ere et particuli\`erement sur les forces r\'efringentes des diff\'erents gaz},
	journal = {M\'em. Inst.},
	year    = {1806},
	volume  = {7},
	pages   = {301-385},
}
@Article{Bruggeman1935,
  author  = {Bruggeman, D.},
  title   = {Berechnung verschiedener physikalischer Konstanten von heterogenen Substanzen. I. Dielektrizit{\"a}tskonstanten und Leitf{\"a}higkeiten der Mischk{\"o}rper aus isotropen Substanzen},
  journal = {Ann. Phys.},
  year    = {1935},
  volume  = {416},
  pages   = {636-664},
  doi     = {10.1002/andp.19354160705},
}

@Article{Callaway2000,
  author  = {Callaway, D. and Newman, M. and Strogatz, S. and Watts, D.},
  title   = {Network Robustness and Fragility: Percolation on Random Graphs},
  journal = {Phys. Rev. Lett.},
  year    = {2000},
  volume  = {85},
  pages   = {5468-5471},
  doi     = {10.1103/PhysRevLett.85.5468},
}

@ARTICLE{ChenI.-G.1986,
  author = {Chen, I.-G. and Johnson, W.},
  title = {Electrical conductivity of random silver-potassium chloride composites},
  journal = {J. Mat. Sci.},
  year = {1986},
  volume = {21},
  pages = {3162-3166},
  doi = {10.1007/BF00553352},
}

@Book{Chen1986,
  title     = {Materials for solid state batteries},
  publisher = {World Scientific, Singapore},
  year      = {1986},
  author    = {Chen, L.},
}

@Article{Cheng2001,
  author  = {Cheng, Z. Y. and Bharti, V. and Xu, T.-B. and Xu, H. and Mai, T. and Zhang, Q. M.},
  title   = {Electrostrictive poly(vinylidene fluoride-trifluoroethylene) copolymers},
  journal = {Sens. Actuators A},
  year    = {2001},
  volume  = {90},
  pages   = {138-147},
  doi     = {10.1016/S0924-4247(01)00496-4},
}

@MASTERSTHESIS{Ciprari2004,
  author = {Ciprari, D.},
  title = {Characterization mechanical of polymer nanocomposites and the role of interphase},
  school = {Georgia Institute of Technology},
  year = {2004},
}

@ARTICLE{DangZ.-M.2003,
  author = {Dang, Z.-M. and Lin, Y.-H. and Nan, C.-W.},
  title = {Novel Ferroelectric Polymer Composites with High Dielectric Constants},
  journal = {Adv. Mater.},
  year = {2003},
  volume = {15(19)},
  pages = {1625-1629},
  doi = {10.1002/adma.200304911},
}

@ARTICLE{Davies1971,
  author = {Davies, W. E. A.},
  journal = {J. Phys. D},
  year = {1971},
  volume = {4},
  pages = {318},
}

@BOOK{Dence1973,
  title = {Probabilistic methods in applied mathematics},
  publisher = {Academic Press},
  year = {1973},
  editor = {Bharucha-Reid, A.T.},
  author = {Dence, D. and Spence, J. E.},
  volume = {2},
}

@BOOK{Choy,
	title = {Effective medium theory. Principles and applications},
	publisher = {Oxford University Press},
	year = {2016},
	edition = {2},
	editor = {Birman, J. and Edwards, S. F. and Friend, R. and Rees, M. and Sherrington, D. and Veneziano, D.},
	author = {Choy, T. C.},
}


@BOOK{Milton,
	title = {The theory of composites},
	publisher = {Cambridge University Press},
	year = {2004},
	editor = {Ciarlet, P. G. and Iserles, A. and Kohn, R. V. and Wright, M. H.},
	author = {Milton, G. W.},
}

@ARTICLE{Efros1976,
  author = {Efros, A. and Shklovskii, B.},
  title = {Critical Behaviour of Conductivity and Dielectric Constant near the
	Metal-Non-Metal Transition Threshold},
  journal = {Phys. Stat. Sol. B},
  year = {1976},
  volume = {76},
  pages = {475-485},
  doi = {10.1002/pssb.2220760205},
}

@Article{Frohlich1946,
  author    = {Fr{\"o}hlich, J. and Sack, R.},
  journal   = {Proc. R. Soc. A},
  year      = {1946},
  volume    = {185},
  pages     = {415},
}

@ARTICLE{GaussC.F.1831,
  author = {Gauss, C. F.},
  title = {Besprechung des Buchs von L.A. Seeber: Intersuchungen {\"u}ber die Eigenschaften
	der positiven tern{\"a}ren quadratischen Formen usw},
  journal = {G{\"o}ttingsche Gelehrte Anzeigen},
  year = {1831},
}

@ARTICLE{Grannan1981,
  author = {Grannan, D. and Garland, J. and Tanner, D.},
  title = {Critical Behavior of the Dielectric Constant of a Random Composite
	near the Percolation Threshold},
  journal = {Phys. Rev. Lett.},
  year = {1981},
  volume = {46},
  pages = {375-378},
  doi = {10.1103/PhysRevLett.46.375},
}

@ARTICLE{Hallouet2009,
  author = {Hallouet, B. and et al},
  title = {Analysing dielectric interphases in composites containing nano- and
	micro-particles},
  journal = {J. Phys. D: Appl. Phys.},
  year = {2009},
  volume = {42(6)},
  pages = {064004},
  doi = {10.1088/0022-3727/42/6/064004},
}

@Article{Lakhtakia1998,
	author  = {Lakhtakia, A.},
	title   = {Incremental Maxwell Garnett formalism for homogenizing particulate composite media},
	journal = {Microw. Opt. Technol. Lett.},
	year    = {1998},
	volume  = {17},
	pages   = {276-279},
	doi     = {10.1002/(SICI)1098-2760(199803)17:4<276::AID-MOP17>3.0.CO;2-3},
}

@Article{Michel1995,
	author  = {Michel, B. and Lakhtakia, A.},
	title   = {Strong-property-fluctuation theory for homogenizing chiral particulate composites},
	journal = {Phys. Rev. E},
	year    = {1995},
	volume  = {51},
	pages   = {5701-5707},
	doi = {10.1103/PhysRevE.51.5701}
}
@Article{Michel2001,
	author  = {Michel, B. and Lakhtakia, A. and Weiglhofer, W.S. and Mackay, T.G.},
	title   = {Incremental and differential Maxwell Garnett formalisms for bi-anisotropic composites},
	journal = {Composites Science and Technology},
	year    = {2001},
	volume  = {61},
	pages   = {13-18},
	doi     = {10.1016/S0266-3538(00)00149-4},
}

@ARTICLE{Hanai1960,
  author = {Hanai, T.},
  title = {Theory of the Dielectric Dispersion due to the Interfacial Polarization
	and its Application to Emulsions},
  journal = {Kolloid-Zeitschrift},
  year = {1960},
  volume = {171},
  pages = {23-31},
  doi = {10.1007/BF01520320}
}

@ARTICLE{Heer1993,
  author = {Heer, W. A.},
  title = {The physics of simple metal clusters: experimental aspects and simple
	models},
  journal = {Rev. Mod. Phys.},
  year = {1993},
  volume = {65(3)},
  pages = {611-676},
  doi = {10.1103/RevModPhys.65.611},
}

@ARTICLE{Hunter1956,
  author = {Hunter, M. S. and Fowle, P.},
  journal = {J. Electrochem. Soc.},
  year = {1956},
  volume = {103},
  pages = {482},
  doi = {10.1149/1.2430389},
}

@ARTICLE{Ilic2004,
  author = {Ilic, B. and Yang, Y. and Craighead, H. G.},
  title = {Virus detection using nanoelectromechanical devices},
  journal = {Appl. Phys. Lett.},
  year = {2004},
  volume = {85},
  pages = {2604-2607},
  doi = {10.1063/1.1794378},
}

@ARTICLE{Jiang1995a,
  author = {Jiang, Sh. and Wagner, B. Jr.},
  title = {A theoretical model for composite electrolytes - I. Space charge
	layer as a cause for charge-carrier enhancement},
  journal = {J. Phys. Chem. Solids.},
  year = {1995},
  volume = {56},
  pages = {1101-1111},
  doi = {10.1016/0022-3697(95)00025-9}
}

@ARTICLE{Jiang1995b,
  author = {Jiang, Sh. and Wagner, B. Jr.},
  title = {A theoretical model for composite electrolytes - II. Percolation
	model for ionic conductivity enhamcement},
  journal = {J. Phys. Chem. Solids.},
  year = {1995},
  volume = {56},
  pages = {1113-1124},
  doi = {10.1016/0022-3697(95)00026-7}
}

@Article{Kirkpatrick1971,
	author  = {Kirkpatrick, S.},
	title   = {Classical transport in disordered media: scaling and effective-medium theories},
	journal = {Phys. Rev. Lett.},
	year    = {1971},
	volume  = {27},
	pages   = {1722-1725},
	doi     = {10.1103/PhysRevLett.27.1722},
}

@Article{Kirkpatrick1973,
  author  = {Kirkpatrick, S.},
  title   = {Percolation and Conduction},
  journal = {Rev. Mod. Phys.},
  year    = {1973},
  volume  = {45},
  pages   = {574-588},
  doi     = {10.1103/RevModPhys.45.574},
}

@ARTICLE{Konakanchi2011,
  author = {Konakanchi, H. and Vajjha, R. and Misra, D. and Das, D.},
  journal = {J. Nanosci. Nanotechnol.},
  year = {2011},
  volume = {11},
  pages = {6788},
}

@ARTICLE{KonishiY.2006,
  author = {Konishi, Y. and Cakmak, M.},
  title = {Nanoparticle induced network self-assembly in polymer-carbon black
	composites},
  journal = {Polymer},
  year = {2006},
  volume = {47},
  pages = {5371-5391},
  doi = {10.1016/j.polymer.2006.05.015},
}

@ARTICLE{Kooi1996,
  author = {Kooi, B. and Somers, M.},
  title = {Growth kinetics of thin oxide layers; oxidation of Fe and Fe-N phases
	at room temperature},
  journal = {Thin Solid Films},
  year = {1996},
  volume = {281-282},
  pages = {488-491},
  doi = {10.1016/0040-6090(96)08682-8},
}

@BOOK{Kor68,
  title = {Mathematical Handbook},
  publisher = {McGrew-Hill Book Company},
  year = {1968},
  author = {Korn, G. and Korn, T.},
}

@InProceedings{Lamb1978,
  author    = {Lamb, W. and Wood, D. M. and Ashcroft, N. W.},
  booktitle = {Proceedings ETOPIM Conference},
  year      = {1978},
  editor    = {Garland, J. C. and Tanner, D. B.},
  pages     = {240-254},
  publisher = {American Institute of Physics, New York},
}

@BOOK{LandauT8,
  language = {ukrainian},
  title = {Òåîðåòè÷åñêàÿ ôèçèêà},
  subtitle = {Ò.8. Ýëåêòðîäèíàìèêà ñïëîøíûõ ñðåä},
  publisher = {ÔÈÇÌÀÒËÈÒ},
  year = {2005},
  author = {Ëàíäàó, Ë. Ä. and Ëèôøèö, Å. Ì.},
}

@ARTICLE{Landauer1978,
	author = {Landauer, R.},
	title = {Electrical conductivity in inhomogeneous media},
	journal = {AIP Conf. Proc.},
	year = {1978},
	volume = {40},
	pages = {2-45},
	doi = {10.1063/1.31150},
}

@ARTICLE{Landauer1952,
	author = {Landauer, R.},
	title = {The Electrical Resistance of Binary Metallic Mixtures},
	journal = {J. Appl. Phys.},
	year = {1952},
	volume = {23},
	pages = {779-784},
	doi = {10.1063/1.1702301},
}

@ARTICLE{Lau2002,
  author = {Lau, A. K.-T. and Hui, D.},
  title = {The revolutionary creation of new advanced materials-carbon nanotube
	composites},
  journal = {Composites Part B: Eng.},
  year = {2002},
  volume = {33},
  pages = {263-277},
  doi = {10.1016/S1359-8368(02)00012-4},
}

@ARTICLE{Lewis2005,
  author = {Lewis, T.},
  title = {Interfaces: nanometric dielectrics},
  journal = {J. Phys. D: Appl. Phys.},
  year = {2005},
  volume = {38},
  pages = {202-212},
  doi = {10.1088/0022-3727/38/2/004},
}

@ARTICLE{Liu2002,
  author = {Liu, B. H. and Ding, J. and Zhong, Z. and et al},
  title = {Large-scale preparation of carbon-encapsulated cobalt nanoparticles
	by the catalytic method},
  journal = {Chem. Phys. Lett.},
  year = {2002},
  volume = {358},
  pages = {96-102},
  doi = {10.1016/S0009-2614(02)00592-4},
}

@ARTICLE{Looyenga1965,
  author = {Looyenga, H.},
  title = {Dielectric constants of heterogeneous mixtures},
  journal = {Physica},
  year = {1965},
  volume = {31},
  pages = {401-406},
  doi = {10.1016/0031-8914(65)90045-5}
}

@BOOK{Lourtioz2005,
  title = {Photonic Crystals},
  publisher = {Springer-Verlag, Berlin},
  year = {2005},
  author = {Lourtioz J.-M., et al},
}

@ARTICLE{LuckJ.M.1985,
  author = {Luck, J. M.},
  title = {A real-space renormalisation group approach to electrical and noise
	properties of percolation clusters},
  journal = {J. Phys. A: Math. Gen.},
  year = {1985},
  volume = {18},
  pages = {2061-2078},
  doi = {10.1088/0305-4470/18/11/027},
}

@ARTICLE{LuB2010,
  author = {Lu, B and Huang, H. and Dong, X. L. and Pei, J. P.},
  title = {Catalytic pyrogenation synthesis of C/Ni composite nanoparticles:
	controllable carbon structures and high permittivities},
  journal = {J. Phys. D: Appl. Phys.},
  year = {2010},
  volume = {43},
  pages = {105403, 6pp.},
  doi = {10.1088/0022-3727/43/10/105403},
}


@BOOK{Lyklema1995,
  title = {Fundamentals of interface and colloid science},
  publisher = {Academic Press},
  year = {1995},
  author = {Lyklema, J.},
  volume = {2},
}

@ARTICLE{Mallet2005,
  author = {Mallet, P. and Guerin, C. and Sentenac, A.},
  title = {Maxwell-Garnett mixing rule in the presence of multiple scattering:
	Derivation and accuracy},
  journal = {Phys. Rev. B},
  year = {2005},
  volume = {72},
  pages = {014205, 9pp.},
  doi = {10.1103/PhysRevB.72.014205},
}

@ARTICLE{MamuniaE.P.1995,
  author = {Mamunia, E. P. and Davidenko, V. V. and Lebedev, E. V.},
  title = {Percolation Conductivity of Polymer Composites filled with dispersed
	conductive filler},
  journal = {Polym. Comp.},
  year = {1995},
  volume = {16(4)},
  pages = {319},
}

@BOOK{Maurer1986,
  title = {Polymer composites},
  publisher = {de Gruyter,Berlin},
  year = {1986},
  editor = {Sedlacek, B},
  author = {Maurer, F. H. J.},
}

@BOOK{Priou,
	title = {Dielectric Properties of Heterogeneous
	Materials: Progress in Electromagnetics Research},
	publisher = {Amsterdam: Elsevier},
	year = {1992},
	editor = {Priou, A.}
}

@BOOK{Maxwell1892,
  title = {Treatise on electricity and magnetism},
  publisher = {Oxford},
  year = {1873},
  author = {Maxwell, J. C.},
  volume = {1},
}

@BOOK{Lorentz1870,
	title = {Theory of electrons (reprint)},
	publisher = {Dover, New York (1952)},
	year = {1870},
	author = {Lorentz, H. A.},
}

@Article{Rayleigh,
	author    = {Rayleigh Sec., R. S.},
	title     = {On the influence of obstacles arranged in rectangular order upon the properties of a medium},
	journal   = {Phil. Mag.},
	year      = {1892},
	volume    = {34},
	pages     = {481-502},
	doi       = {10.1080/14786449208620364},
}

@Article{Faraday,
	author    = {Faraday M.},
	title     = {The Bakerian Lecture. —Experimental relations of gold (and other metals) to light},
	journal   = {Phil. Trans. R. Soc. Lond.},
	year      = {1857},
	volume    = {147},
	pages     = {145-181},
	doi       = {10.1098/rstl.1857.0011},
}

@Article{Gladstone1863,
	author    = {Gladstone J. H. and Dale J. T.},
	title     = {Researches on the refraction, dispersion, and sensitiveness of liquids},
	journal   = {Phil. Trans. R. Soc. Lond.},
	year      = {1863},
	volume    = {153},
	pages     = {317-343},
	doi       = {10.1098/rstl.1863.0014},
}

@Article{McLachlan1986,
	author    = {McLachlan, D.},
	title     = {Equations for the conductivity of macroscopic mixtures},
	journal   = {J. Phys. C: Solid State Phys.},
	year      = {1986},
	volume    = {19},
	pages     = {1339-1354},
	doi       = {0022-3719/19/9/007},
}
@Article{McLachlan1987,
  author    = {McLachlan, D.},
  title     = {An equation for the conductivity of binary mixtures with anisotropic grain structures},
  journal   = {J. Phys. C: Solid State Phys.},
  year      = {1987},
  volume    = {20},
  pages     = {865-877},
  doi       = {10.1088/0022-3719/20/7/004},
}

@Article{McLachlan1990,
  author    = {McLachlan, D. and Blaszkiewicz, M. and Newnham, R. E.},
  title     = {Electrical Resistivity of Composites},
  journal   = {J. Am. Ceram. Soc.},
  year      = {1990},
  volume    = {73},
  pages     = {2187-2203},
  doi       = {10.1111/j.1151-2916.1990.tb07576.x},
}

@Article{McLachlan1997,
  author    = {Wu, J. and McLachlan, D. S.},
  title     = {Scaling behavior of the complex conductivity of graphite-boron nitride percolation systems},
  journal   = {Phys. Rev. B},
  year      = {1998},
  volume    = {58},
  pages     = {14880-14887},
  doi       = {10.1103/PhysRevB.58.14880},
}

@Article{McLachlan2003,
  author    = {Chiteme, C. and McLachlan, D. S.},
  title     = {ac and dc conductivity, magnetoresistance, and scaling in cellular percolation systems},
  journal   = {Phys. Rev. B},
  year      = {2003},
  volume    = {67},
  pages     = {024206, 18pp.},
  doi       = {10.1103/PhysRevB.67.024206},
}

@Article{McPherdan1978,
	author    = {McPhedran, R. C. and McKenzie, D. R.},
	title     = {The Conductivity of Lattices of Spheres. I. The Simple Cubic Lattice},
	journal   = {Proc. R. Soc. Lond. Ser. A},
	year      = {1978},
	volume    = {359},
	pages     = {45-63},
	%url = {https://www.jstor.org/stable/79507}
}

@Article{McKenzie1978,
	author    = {McKenzie, D. R. and McPhedran, R. C. and Derrick G. H.},
	title     = {The Conductivity of Lattices of Spheres. II. The body-centered and face-centered cubic lattices},
	journal   = {Proc. R. Soc. Lond. Ser. A},
	year      = {1978},
	volume    = {362},
	pages     = {211-232},
}

@Article{Smith1998,
author    = {Smith, E. R. and Tsarenko, V.},
title     = {The dielectric response of a lattice of dielectric spheres: convergence of multipole expansion methods},
journal   = {Mol. Phys.},
year      = {1998},
volume    = {95},
pages     = {449-463},
}

@Article{Brosseau2003,
	author    = {Brosseau, C. and Beroual, A.},
	title     = {Computational electromagnetics and the rational design of new dielectric heterostructures},
	journal   = {Prog. Mater. Sci.},
	year      = {2003},
	volume    = {48},
	pages     = {373-456},
	doi       = {10.1016/S0079-6425(02)00013-0},
}
@Article{Brosseau2006,
	author    = {Brosseau, C.},
	title     = {Modelling and simulation of dielectric
	heterostructures: a physical survey from
	an historical perspective},
	journal   = {J. Phys. D: Appl. Phys.},
	year      = {2006},
	volume    = {39},
	pages     = {1277-1294},
	doi       = {10.1088/0022-3727/39/7/S02},
}
@Article{Brosseau2002,
  author    = {Brosseau, C.},
  title     = {Generalized effective medium theory and dielectric relaxation in particle-filled polymeric resins},
  journal   = {J. Appl. Phys.},
  year      = {2002},
  volume    = {91},
  pages     = {3197-3204},
  doi       = {10.1063/1.1447307},
}
@Article{Myroshnychenko2009,
  author    = {Myroshnychenko, V. and Brosseau, C.},
  title     = {Effective complex permittivity and continuum percolation analysis
  of two-phase composite media},
  journal   = {IEEE Transactions on Dielectrics and
  Electrical Insulation},
  year      = {2009},
  volume    = {16},
  pages     = {1209-1222},
  doi       = {10.1109/TDEI.2009.5211876},
}
@Article{Myroshnychenko2008,
	author    = {Myroshnychenko, V. and Brosseau, C.},
	title     = {Possible manifestation of nonuniversality in some continuum percolation systems},
	journal   = {J. Phys. D: Appl. Phys.},
	year      = {2008},
	volume    = {41},
	pages     = {095401, 8pp.},
	doi       = {10.1088/0022-3727/41/9/095401},
}
@Article{Balberg1984,
  author    = {Balberg, I. and Anderson, C. H. and Alexander, S. and Wagner, N.},
  title     = {Excluded volume and its relation to the onset of percolation},
  journal   = {Phys. Rev. B},
  year      = {1984},
  volume    = {30},
  pages     = {3933-3943},
  doi       = {10.1103/PhysRevB.30.3933},
}
@Article{Balberg1987,
	author    = {Balberg, I.},
	title     = {Tunneling and nonuniversal conductivity in composite materials},
	journal   = {Phys. Rev. Lett.},
	year      = {1987},
	volume    = {59},
	pages     = {1305-1308},
	doi       = {10.1103/PhysRevLett.59.1305},
}
@Article{Ambrosetti2009,
	author    = {Ambrosetti, G. and Johner, N. and Grimaldi, C. et al.},
	title     = {Electron tunneling in conductor-insulator composites with spherical fillers},
	journal   = {J. Appl. Phys.},
	year      = {2009},
	volume    = {106},
	pages     = {016103, 3pp.},
	doi       = {10.1063/1.3159040},
}
@Article{Tvarusko1968,
	author    = {Tvarusko, A.},
	title     = {The electric resistivity of AgO},
	journal   = {J. Chem. Soc.},
	year      = {1968},
	volume    = {115},
	pages     = {1105-1110},
	doi       = {10.1149/1.2410919},
}

@Article{Bergman1992,
	author    = {Bergman, D. J. and Stroud, D.},
	title     = {Physical properties of
	macroscopically inhomogeneous
	media},
	journal   = {Solid State Physics},
	year      = {1992},
	volume    = {46},
	pages     = {147-269},
	doi       = {10.1016/S0081-1947(08)60398-7},
}

@Article{Weick2006,
	author    = {Weick, G. and Ingold, G.-L. and Jalabert, R. A. and Weinmann, D.},
	title     = {Surface plasmon in metallic nanoparticles: renormalization effects due to electron-hole excitations},
	journal   = {Phys. Rev. B},
	year      = {2006},
	volume    = {74},
	pages     = {165421, 14pp.},
	doi       = {10.1103/PhysRevB.74.165421},
}
@Article{Feng1987,
  author    = {Feng, S. and Halperin, B. and Sen, P.},
  title     = {Transport properties of continuum systems near the percolation threshold},
  journal   = {Phys. Rev. B},
  year      = {1987},
  volume    = {35},
  pages     = {197-214},
  doi       = {10.1103/PhysRevB.35.197},
}
@Article{Lee1990,
  author    = {Lee, S. B. and Torquato, S.},
  title     = {Monte Carlo study of correlated continuum percolation: Universality and percolation thresholds},
  journal   = {Phys. Rev. A},
  year      = {1990},
  volume    = {41},
  pages     = {5338-5344},
  doi       = {10.1103/PhysRevA.41.5338},
}

@ARTICLE{Nan1987,
	author = {Nan, C.-W.},
	title = {Conduction theory of ionic conductor containing dispersed second phase},
	journal = {Acta Physica Sinica},
	year = {1987},
	volume = {36},
	pages = {191-198},
	doi = {10.7498/aps.36.191},
}

@ARTICLE{Nan1993,
  author = {Nan, C.-W.},
  title = {Physics of inhomogeneous inorganic materials},
  journal = {Prog. Mater. Sci.},
  year = {1993},
  volume = {37},
  pages = {1-116},
  doi = {10.1016/0079-6425(93)90004-5},
}

@ARTICLE{NanC.-W.1991,
  author = {Nan, C.-W. and Smith, D.M.},
  title = {A.c. electrical properties of composite solid electrolytes},
  journal = {Mat. Sci. Eng. B},
  year = {1991},
  volume = {10},
  pages = {99-106},
  doi = {10.1016/0921-5107(91)90115-C},
}

@ARTICLE{NanC.-W.1991a,
  author = {Nan, C.-W. and Smith, D. M.},
  title = {On comment on Enhancement of ionic conduction in CaF2 and BaF2 by
	dispersion of Al2O3},
  journal = {J. Mat. Sci. Lett.},
  year = {1991},
  volume = {10},
  pages = {1142-1143},
  doi = {10.1007/BF00744107},
}

@Article{Nelson2005,
  author    = {Nelson, J. and Hu, Y.},
  title     = {Nanocomposite dielectrics-properties and implications},
  journal   = {J. Phys. D: Appl. Phys},
  year      = {2005},
  volume    = {38},
  pages     = {213-222},
  doi       = {10.1088/0022-3727/38/2/005},
}

@ARTICLE{Ohshima1982,
  author = {Ohshima, H. and Healy, T. and White, L.},
  title = {Accurate Analytic  Expressions for the Surface Charge Density/Surface
	Potential  Relationship  and Double-Layer Potential Distribution
	for a  Spherical  Colloidal Particle},
  journal = {Journal of Colloid and Interface Science},
  year = {1982},
  volume = {90},
  pages = {17-26},
  doi = {10.1016/0021-9797(82)90393-9}
}

@ARTICLE{Aspnes1982,
	author = {Aspnes, D. E.},
	title = {Local-field effects and effective-medium theory: a microscopic perspective},
	journal = {American Journal of Physics},
	year = {1982},
	volume = {50},
	pages = {704-709},
}
@ARTICLE{Patolsky2004,
  author = {Patolsky, F. and Zheng, G. and Hayden, O. and Lakadamyali, M. and
	Zhuang, X. and Lieber, C.M.},
  title = {Electrical detection of single viruses},
  journal = {PNAS},
  year = {2004},
  volume = {101},
  pages = {14017-14022},
  doi = {10.1073/pnas.0406159101},
}

@Article{Pike1974,
  author    = {Pike, G. and Seager, C.},
  title     = {Percolation and conductivity: A computer study. I},
  journal   = {Phys. Rev. B},
  year      = {1974},
  volume    = {10},
  pages     = {1421-1435},
  doi       = {10.1103/PhysRevB.10.1421},
}

@ARTICLE{Poel1958,
  author = {van der Poel, C.},
  journal = {Rheol. Acta},
  year = {1958},
  volume = {1},
  pages = {198},
}

@ARTICLE{Posner2009,
  author = {Posner, J. D.},
  journal = {Mechanics Research Comm.},
  year = {2009},
  volume = {36},
  pages = {22},
}

@ARTICLE{Nakamura1984,
	author = {Nakamura, M.},
	title = {Conductivity for the site-percolation problem by an improved effective-medium theory},
	journal = {Phys. Rev. B},
	year = {1984},
	volume = {29},
	pages = {3691-3693},
	doi = {10.1103/PhysRevB.29.3691}
}

@ARTICLE{Przl1995,
  author = {Przyluski, J. and Siekierski, M. and Wieczorek, W.},
  title = {Effective medium theory in studies of conductivity of composite polymeric
	electrolytes},
  journal = {Electrichimica A.},
  year = {1995},
  volume = {40},
  pages = {2101-2108},
  doi = {10.1016/0013-4686(95)00147-7}
}

@ARTICLE{Wiec1994,
  author = {Wieczorek, W. and Such, K. and Florjanczyk, Z. and Stevens, J. R.},
  title = {Polyether, Polyacrylamide, LiClO4 Composite Electrolytes with Enhanced Conductivity},
  journal = {J. Phys. Chem.},
  year = {1994},
  volume = {98},
  pages = {6840-6850},
  doi = {10.1021/j100078a029}
}

@Article{Pulickel2007,
  author    = {Pulickel, A. and James, T.},
  title     = {Materials Science: Nanotube composites},
  journal   = {Nature},
  year      = {2007},
  volume    = {447},
  pages     = {1066},
  doi       = {10.1038/4471066a},
}

@ARTICLE{RikvoldP.1985,
  author = {Rikvold, P. and Stell, G.},
  title = {D-dimensional interpenetrable-sphere models of random two-phase media:
	Microstructure and an application to chromatography},
  journal = {J. Coll. and Int. Sci.},
  year = {1985},
  volume = {108},
  pages = {158-173},
  doi = {10.1016/0021-9797(85)90246-2},
}

@ARTICLE{Rotter2003,
  author = {Rottereau, M. and Gimel, J. and Nicolai, T. and Durand, D.},
  title = {3d Monte Carlo simulation of site-bond continuum percolation of spheres},
  journal = {Eur. Phys. J. E},
  year = {2003},
  volume = {11},
  pages = {61-64},
  doi = {10.1140/epje/i2003-10006-x},
}

@ARTICLE{Salamon2005,
  author = {Salomon, A. and Boecking, T. and Chan, C. and Amy, F. and Girshevitz,
	O. and Cahen, D. and Kahn, A.},
  title = {How Do Electronic Carriers Cross Si-Bound Alkyl Monolayers?},
  journal = {Phys. Rev. Lett.},
  year = {2005},
  volume = {95},
  pages = {266807, 4pp.},
  doi = {10.1103/PhysRevLett.95.266807},
}

@ARTICLE{samet2015,
  author = {Samet, M. and Levchenko, V. and Boiteux, G. and Seytre, G. and Kallel,
	A. and Sergh, A.},
  title = {Electrode polarization vs. Maxwell-Wagner-Sillars interfacial polarization
	in dielectric spectra of materials: Characteristic frequencies and
	scaling laws},
  journal = {J. Chem. Phys.},
  year = {2015},
  volume = {142},
  pages = {194703},
}

@ARTICLE{sarojini2013,
  author = {Sarojini, K. and Manoj, S. and Singh, P. and Pradeep, T. and Das, S.},
  title = {Electric conductivity of ceramic and metallic nanofluids},
  journal = {Colloids and Surfaces A: Physicochemical and Engineering Aspects},
  year = {2013},
  volume = {417},
  pages = {39-46},
  doi = {10.1016/j.colsurfa.2012.10.010},
}

@Article{Seager1974,
  author    = {Seager, C. H. and Pike, G. E.},
  title     = {Percolation and conductivity: A computer study. II},
  journal   = {Phys. Rev. B},
  year      = {1974},
  volume    = {10},
  pages     = {1435-1446},
  doi       = {10.1103/PhysRevB.10.1435},
}


@Article{Siekierski2005,
	author  = {Siekierski, M. and Nadara, K.},
	title   = {Modeling of conductivity in composites with random resistor networks},
	journal = {Electrochimica Acta},
	year    = {2005},
	volume  = {50},
	pages   = {3796-3804},
	doi		= {10.1016/j.electacta.2005.02.046}
}

@Article{Siekierski2006,
	author  = {Siekierski, M. and Nadara, K. and Rzeszotarski, P.},
	title   = {Conductivity simulation in composite polymeric electrolytes},
	journal = {J. New Mat. Electrochem. Systems},
	year    = {2006},
	volume  = {9},
	pages   = {375-390},
}

@Article{Siekierski2007,
  author  = {Siekierski, M. and Nadara, K.},
  title   = {Mesoscale models of ac conductivity in composite polymeric electrolytes},
  journal = {J. Pow. Sour.},
  year    = {2007},
  volume  = {173},
  pages   = {748-754},
  doi     = {10.1016/j.jpowsour.2007.05.063},
}

@ARTICLE{Sikdar2011,
  author = {Sikdar, S. and Basu, S. and Ganguly, S.},
  journal = {Int J. Nanoparticles},
  year = {2011},
  volume = {4},
  pages = {336},
}

@ARTICLE{Smith1977,
  author = {Smith, G. B.},
  title = {Dielectric constants for mixed media},
  journal = {J. Phys. D: Appl. Phys.},
  year = {1977},
  volume = {10},
  pages = {L39-L42},
}

@ARTICLE{Sotskov2010,
  author = {Sotskov, V. A.},
  title = {Interfacial Polarization in Statistical Mixtures},
  journal = {Journal of Surface Investigation. X-ray, Synchrotron and Neutron
	Techniques},
  year = {2010},
  volume = {4},
  pages = {862},
}

@ARTICLE{Sotskov2005,
  author = {Sotskov, V. A.},
  title = {Electrical Characteristics of Insulator-Conductor and Insulator-Semiconductor Macrosystems},
  journal = {Semiconductors},
  year = {2005},
  volume = {39},
  pages = {254-260},
  doi = {10.1134/1.1864209}
}

@ARTICLE{Sotskov2003,
	author = {Sotskov, V. A. and Karpenko, S. V.},
	title = {Electrical Conduction in Binary Macrosystems: General Rules},
	journal = {Techn. Phys.},
	year = {2003},
	volume = {48},
	pages = {100},
}

@Book{Stauffer2003,
  title     = {Introduction to Percolation Theory (2nd revised ed)},
  publisher = {Taylor \& Francis},
  year      = {2003},
  author    = {Stauffer, D. and Aharony, A.},
}

@ARTICLE{Steeman1990,
  author = {Steeman, P. A. M. and Maurer, F. H. J.},
  journal = {Colloid Polym. Sci.},
  year = {1990},
  volume = {268},
  pages = {315},
}

@Article{Todd2003,
  author    = {Todd, M. G. and Shi, F. G.},
  title     = {Characterizing the interphase dielectric constant of polymer composite materials: Effect of chemical coupling agents},
  journal   = {J. Appl. Phys.},
  year      = {2003},
  volume    = {94(7)},
  pages     = {4551-4557},
  doi       = {10.1063/1.1604961},
}

@ARTICLE{Tomfohr2002,
  author = {Tomfohr, J. and Sankey, O.},
  title = {Complex band structure, decay lengths, and Fermi level alignment
	in simple molecular electronic systems},
  journal = {Phys. Rev. B},
  year = {2002},
  volume = {65},
  pages = {245105, 12pp.},
  doi = {10.1103/PhysRevB.65.245105},
}

@ARTICLE{Tomylko2015,
  author = {Tomylko, S. and Yaroshchuk, O. and Lebovka, N.},
  title = {Two-step electrical percolation in nematic liquid crystal filled
	by multiwalled carbon nanotubes},
  journal = {Phys. Rev. E},
  year = {2015},
  volume = {92},
  pages = {012502, 8pp.},
  doi = {10.1103/PhysRevE.92.012502},
}

@ARTICLE{Lebovka2017,
	author = {Lebovka, N. and Bulavin, L. and Kovalchuk et al., V.},
	title = {Two-step percolation in aggregating systems},
	journal = {Cond. Matter Phys.},
	year = {2017},
	volume = {20},
	pages = {13602, 10pp.},
	doi = {10.5488/CMP.20.13602},
}

@ARTICLE{Lebovka2019,
	author = {Lebovka, N. I. and Vygornitskii, N. V. and Tarasevich, Yu. Yu.},
	title = {Relaxation in two-dimensional suspensions of rods as driven by Brownian diffusion},
	journal = {Phys. Rev. E},
	year = {2019},
	volume = {100},
	pages = {042139, 8pp.},
	doi = {10.1103/PhysRevE.100.042139},
}

@ARTICLE{Lebovka2011,
	author = {Lebovka, N. I. and Lysenkov, E. A. and Goncharuk et al., A. I.},
	title = {Phase behaviour, microstructure, and
	percolation of poly(ethylene glycol) filled
	by multiwalled carbon nanotubes and
	organophilic montmorillonite},
	journal = {Journal of Composite Materials},
	year = {2011},
	volume = {45},
	pages = {2555-2566},
	doi = {10.1177/0021998311401107},% and Gomza, Yu. P. and Klepko, V. V. and Boiko, Yu. P.
}

@ARTICLE{Lysenkov2012,
	author = {Lysenkov, E. A. and Lebovka, N. I. and Yakovlev et al., Y. V.},
	title = {Percolation behaviour of polypropylene glycol filled with multiwalled carbon
	nanotubes and Laponite},
	journal = {Composite Science and Technology},
	year = {2012},
	volume = {72},
	pages = {1191-1195},
	doi = {10.1016/j.compscitech.2012.04.002},%and Klepko, V. V. and Pivovarova, N. S.
}

@ARTICLE{Klepko2015,
	author = {Klepko, V. V. and Lysenkov, E. A.},
	title = {Features of percolation transition
	in systems on the basis of oligoglycols
	and carbon nanotubes},
	journal = {Ukr. J. Phys.},
	year = {2015},
	volume = {60},
	pages = {944-949},
	doi = {10.15407/ujpe60.09.0944},
}

@ARTICLE{Lysenkov2018,
	author = {Lysenkov, E. A.},
	title = {Influence of various preparation methods on percolation behavior of systems based on cross-linked polyurethanes and carbon nanotubes},
	journal = {Functional Materials},
	year = {2018},
	volume = {25},
	pages = {075-081},
	doi = {10.15407/fm25.01.075},
}

@ARTICLE{Tuncer2007,
  author = {Tuncer, E. and et al},
  title = {Enhancement of dielectric strength in nanocomposites},
  journal = {Nanotechnology},
  year = {2007},
  volume = {18},
  pages = {325704, 5pp.},
  doi = {10.1088/0957-4484/18/32/325704},
}

@ARTICLE{Vo2002,
	author = {Vo, H. T. and Shi, F. G.},
	title = {Towards model-based engineering of optoelectronic packaging materials:
	dielectric constant modeling},
	journal = {Microelectronics Journal},
	year = {2002},
	volume = {33},
	pages = {409-415},
	doi = {10.1016/S0026-2692(02)00010-1},
}

@Book{wagner1989,
  title     = {High conductivity solid ionic conductors},
  publisher = {World Scientific, Singapore},
  year      = {1989},
  author    = {Wagner, J. B.},
  %url       = {http://www.worldscientific.com/worldscibooks/10.1142/0729},
}

@ARTICLE{Wagner1914,
  author = {Wagner, K. W.},
  title = {Erkl\"arung der dielektrischen Nachwirkungsvorg\"ange auf Grund Maxwellscher Vorstellungen},
  journal = {Arch. Elektrotech.},
  year = {1914},
  volume = {2},
  pages = {371-387},
  doi = {10.1007/BF01657322}
}

@ARTICLE{Weaver2014,
  author = {Weaver, J. and Hakanoglu, C. and Antony, A. and Asthagiri, A.},
  title = {Alkane activation on crystalline metal oxide surfaces},
  journal = {Chem. Soc. Rev.},
  year = {2014},
  volume = {43},
  pages = {7536},
}

@ARTICLE{Weighofer1989,
  author = {Weiglhofer, W.},
  title = {Delta function identities and electromagnetic field singularities},
  journal = {Am. J. Phys.},
  year = {1989},
  volume = {57},
  pages = {455-456},
  doi = {10.1119/1.16001},
}

@ARTICLE{White2011,
  author = {White, S. B. and Shih, A. J.-M. and Pipe, K. P.},
  journal = {Nanoscale Research Lett.},
  year = {2011},
  volume = {6},
  pages = {346},
}

@ARTICLE{wiec1989,
  author = {Wieczorek, W. and Such, K. and Wyci\'slik, H. and P{\l}ocharski, J.},
  title = {Modifications of crystalline structure of peo polymer electrolytes with ceramic additives},
  journal = {Solid State Ionics},
  year = {1989},
  volume = {36},
  pages = {255-257},
  doi = {10.1016/0167-2738(89)90185-9}
}

@BOOK{nanocomp2008,
  title = {Nanocomposites: Ionic Conducting Materials and Structural Spectroscopies},
  publisher = {Springer Science+Business Media},
  year = {2008},
  editor = {Knauth, Ph. and Schoonman, J.},
  author = {Wieczorek, W. and Siekierski, M.},
}

@ARTICLE{wiec1994JApplPhys,
  author = {Wieczorek, W. and Siekierski, M.},
  title = {A description of the temperature dependence of the conductivity for
	composite polymeric electrolytes by effective medium theory},
  journal = {J. Appl. Phys.},
  year = {1994},
  volume = {76},
  pages = {2220-2226},
  doi = {10.1063/1.357638},
}

@ARTICLE{Wu2008,
  author = {Wu, D. Y. and Meure, S. and Solomon, D.},
  title = {Self-healing polymeric materials: A review of recent developments},
  journal = {Prog. Plym. Sci.},
  year = {2008},
  volume = {33(5)},
  pages = {479-522},
  doi = {10.1016/j.progpolymsci.2008.02.001},
}

@ARTICLE{Yuan2013,
  author = {Yuan, L. and Cai, R. and Jang, J. and Zhu, W. and Wang, Ch. and Wang,
	Y and Zhou, G.},
  title = {Morphological transformation of hematite nanostructures during oxidation
	of iron},
  journal = {Nanoscale},
  year = {2013},
  volume = {5},
  pages = {7581},
}

@ARTICLE{Zammarano2011,
  author = {Zammarano, M. and et al},
  title = {Revealing the Interface in Polymer Nanocomposites},
  journal = {ACS Nano},
  year = {2011},
  volume = {5},
  pages = {3391-3399},
  doi = {10.1021/nn102951n},
}

@Article{Zhang2002,
  author    = {Zhang, Q. M. and Li, H. F. and et al},
  title     = {An all-organic composite actuator material with a high dielectric constant},
  journal   = {Nature},
  year      = {2002},
  volume    = {419},
  pages     = {284-287},
  doi       = {10.1038/nature01021},
}

@BOOK{broadband,
  title = {Broadband Dielectric Spectroscopy},
  publisher = {Springer-Verlag Berlin Heidelberg GmbH},
  year = {2003},
  editor = {Kremer, F. and Sch{\"o}nhals, A.},
}

@BOOK{sequera2010,
  title = {Polymer electrolytes. Fundamentals and applications},
  publisher = {Woodhead publishing},
  year = {2010},
  editor = {Sequeira, C. and Santos, D.},
  doi = {10.1533/9781845699772},
}

@BOOK{enghandbook1,
  title = {Materials Science and Engineering Handbook},
  publisher = {CRC Press LLC},
  year = {2001},
  editor = {Shackelford, J. and Alexander, W.},
}

@Article{Brouers1986,
  author  = {Brouers, F.},
  title   = {Percolation threshold and conductivity in metal-insulator composite mean-field theories},
  journal = {J. Phys. C: Solid State Phys.},
  year    = {1986},
  volume  = {19},
  pages   = {7183-7193},
  doi     = {10.1088/0022-3719/19/36/010},
}

@Article{hanai1980,
  author  = {Asami, K. and Hanai, T. and Koizumi, N.},
  title   = {Dielectric Approach to Suspensions of Ellipsoidal Particles Covered with a Shell in Particular Reference to Biological Cells},
  journal = {Jpn. J. Appl. Phys.},
  year    = {1980},
  volume  = {19},
  pages   = {359-365},
  doi     = {10.1143/JJAP.19.359},
}

@Article{Bordi02,
  author  = {Bordi, F. and Cametti, C. and Gili, T.},
  title   = {Dielectric spectroscopy of erythrocyte cell suspensions. A comparison between Looyenga and Maxwell-Wagner-Hanai effective medium theory formulations},
  journal = {Journal of Non-Crystalline Solids},
  year    = {2002},
  volume  = {305},
  pages   = {278-284},
  doi     = {10.1016/S0022-3093(02)01111-0},
}

@Article{Mackay2000,
  author  = {Mackay, T. and Lakhtakia, A. and Weiglhofer, W.},
  title   = {Strong-property-fluctuation theory for homogenization of bianisotropic composites: Formulation},
  journal = {Phys. Rev. E},
  year    = {2000},
  volume  = {62},
  pages   = {6052-6064},
  doi     = {10.1103/PhysRevE.62.6052},
}

@Article{Mallet2005a,
  author  = {Mallet, P. and Guerin, C. and Sentenac, A.},
  title   = {Maxwell-Garnett mixing rule in the presence of multiple scattering: Derivation and accuracy},
  journal = {Phys. Rev. B},
  year    = {2005},
  volume  = {72},
  pages   = {014205, 9pp.},
  doi     = {10.1103/PhysRevB.72.014205},
}

@Article{M-G1904,
  author  = {Maxwell-Garnett, J.},
  title   = {Colours in metal glasses and metalic films},
  journal = {Trans. R. Soc. Lond.},
  year    = {1904},
  volume  = {203},
  pages   = {385-420},
  doi     = {10.1098/rsta.1904.0024},
}

@Article{Markel2016,
	author  = {Markel, V.A.},
	title   = {Introduction to the Maxwell Garnett
	approximation: tutorial},
	journal = {Journal of the Optical Society of America A},
	year    = {2016},
	volume  = {33},
	pages   = {1244-1256},
	doi     = {10.1364/JOSAA.33.001244},
}

@Article{Stroud75,
  author  = {Stroud, D.},
  title   = {Generalized effective-medium approach to the conductivity of an inhomogeneous material},
  journal = {Phys. Rev. B},
  year    = {1975},
  volume  = {12},
  pages   = {3368-3373},
  doi     = {10.1103/PhysRevB.12.3368},
}
@Article{Stroud1998,
	author  = {Stroud, D.},
	title   = {The effective medium approximations: some recent developments},
	journal = {Superlattices and Microstructures},
	year    = {1998},
	volume  = {23},
	pages   = {567-573},
	doi     = {10.1006/spmi.1997.0524},
}

@Article{Sushko2004,
  language  = {ukrainian},
  author  = {Ñóøêî, Ì. ß.},
  title   = {Î ìîëåêóëÿðíîì ðàññåÿíèè ñâåòà êðàòíîñòè 1.5},
  journal = {ÆÝÒÔ},
  year    = {2004},
  volume  = {126},
  pages   = {1355-1361},
%  note    = {[{\it JETP} \textbf{99}, 1183 (2004)]},
  doi     = {10.1134/1.1854804},
}

@Article{Sushko2007,
  language  = {ukrainian},
  title   = {Î äèýëåêòðè÷åñêîé ïðîíèöàåìîñòè ñóñïåíçèé},
  author  = {Ñóøêî, Ì. ß.},
  journal = {ÆÝÒÔ},
  year    = {2007},
  volume  = {132},
  pages   = {478-484},
%  note    = {[{\it JETP} \textbf{105}, 426 (2007)]},
  doi     = {10.1134/S1063776107080146},
}

@Article{Sushko2009,
	language  = {ukrainian},
	author  = {Ñóøêî, Ì. ß. and Êðèñüêèâ, Ñ. Ê.},
	title   = {Ìåòîä êîìïàêòíûõ ãðóïï â òåîðèè äèýëåêòðè÷åñêîé ïðîíèöàåìîñòè
	ãåòåðîãåííûõ ñèñòåì},
	journal = {ÆÒÔ},
	year    = {2009},
	volume  = {79},
	pages   = {97-101},
%	note    = {[{\it Tech. Phys.} \textbf{54}, 423 (2009)]},
	doi     = {10.1134/S1063784209030165},
}

@Article{SushkoJPD2009,
	author    = {Sushko, M. Ya.},
	title     = {Effective permittivity of mixtures of anisotropic particles},
	journal   = {J. Phys. D: Appl. Phys.},
	year      = {2009},
	volume    = {42},
	pages     = {155410, 9pp.},
	doi       = {10.1088/0022-3727/42/15/155410},
}

@Article{SushkoJPS2009,
	author  = {Sushko, M. Ya.},
	title   = {Compact group approach to the analysis of dielectric and optical characteristics of finely dispersed systems and liquids},
	journal = {Journal of Physical Studies},
	year    = {2009},
	volume  = {13},
	number  = {4},
	pages   = {4708, 5pp.},
	%url     = {http://physics.lnu.edu.ua/jps/2009/4/abs/a4708-5.html},
}

@Article{Sushko2013,
	author  = {Sushko, M. Ya. and Semenov, A. K.},
	title   = {Conductivity and permittivity of dispersed systems
	with penetrable particle-host interphase},
	journal = {Cond. Matter Phys.},
	year    = {2013},
	volume  = {16},
	pages   = {13401, 10pp.},
	doi     = {10.5488/CMP.16.13401},
}

@Article{SushkoCMP2013,
	author  = {Sushko, M. Ya.},
	title   = {Experimental observation of triple correlations in fluids},
	journal = {Cond. Matter Phys.},
	year    = {2013},
	volume  = {16},
	pages   = {13003, 12pp.},
	doi     = {10.5488/CMP.16.13003},
}

@Article{Sushko2016,
	author  = {Sushko, M. Ya. and Gotsulskiy, V. Ya. and Stiranets, M. V.},
	title   = {Finding the effective structure parameters for suspensions of nano-sized insulating particles from low-frequency impedance measurements},
	journal = {Journal of Molecular Liquids},
	year    = {2016},
	volume  = {222},
	pages   = {1051-1060},
	doi     = {10.1016/j.molliq.2016.07.021},
}

@Article{Sushko2017, 
  author  = {Sushko, M. Ya.},
  title   = {Effective dielectric response of dispersions of graded particles},
  journal = {Phys. Rev. E},
  year    = {2017},
  volume  = {96},
  pages   = {062121, 8pp.},
  doi     = {10.1103/PhysRevE.96.062121},
}

@ARTICLE{Sushko2018PRE,
	author = {Sushko, M. Ya. and Semenov, A. K.},
	title = {Rigorously solvable model for the electrical conductivity of dispersions of hard-core--penetrable-shell particles and its applications},
	journal = {Phys. Rev. E},
	year = {2019},
	volume = {100},
	pages = {052601, 14pp.},
	doi = {10.1103/PhysRevE.100.052601}
}

@ARTICLE{Sushko2018JML,
	author = {Sushko, M. Ya. and Semenov, A. K.},
	title = {A mesoscopic model for the effective electrical conductivity of  composite polymeric electrolytes},
	journal = {J. Mol. Liq.},
	year = {2019},
	volume = {279},
	pages = {677},
	doi = {10.1016/j.molliq.2019.02.009}
}

@ARTICLE{Sushko2020Sotskov,
	author = {Sushko, M. Ya. and Semenov, A. K.},
	title = {A mesoscopic model for the effective electrical conductivity of  composite polymeric electrolytes},
	journal = {J. Appl. Phys.},
	year = {2019},
	volume = {},
	pages = {},
}

@Article{Semenov2018,
	author  = {Semenov, A. K.},
	title   = {On applicability of differential mixing rules for statistically homogeneous and isotropic dispersions},
	journal = {J. Phys. Commun.},
	year    = {2018},
	volume  = {2},
	pages   = {035045, 9pp.},
	doi     = {10.1088/2399-6528/aab060},
}

@ARTICLE{Sushko2018EPJ,
	author = {Sushko, M. Ya. and Dorosh, A. V.},
	title = {A homogenization theory for systems of penetrable dielectric particles},
	journal = {arXiv:1811.01414 [cond-mat.soft]},
	year = {2018},
	volume = {},
	pages = {1-18},
}

@ARTICLE{SushkoFNT2007,
	author = {Sushko, M. Ya.},
	title = {Fine structure of critical opalescence spectra},
	journal = {Fizika Nizkikh Temperatur},
	year = {2007},
	volume = {33},
	pages = {1055-1058},
}

@ARTICLE{SushkoJML2011,
	author = {Sushko, M. Ya. and Babiy, O. M.},
	title = {Asymmetry of the vapor–liquid coexistence curve: The asymptotic behavior of the "diameter"},
	journal = {J. Mol. Liq.},
	year = {2011},
	volume = {158},
	pages = {68-74},
	doi = {10.1016/j.molliq.2010.10.014}
}

@Article{Semenov2020,
	language  = {ukrainian},
	author  = {Ñåìåíîâ, À. Ê.},
	title   = {Âïëèâ íåîäíîð³äíîñò³ ì³æôàçíîãî øàðó íà ïåðêîëÿö³éíó ïîâåä³íêó ïðîâ³äíîñò³ äèñïåðñíèõ ñèñòåì òèïó ³çîëÿòîð-ïðîâ³äíèê},
	journal = {Ô³çèêà àåðîäèñïåðñíèõ ñèñòåì},
	year    = {2020},
	volume  = {58},
	pages   = {112-120},
	doi     = {10.18524/0367-1631.2020.58.206222}
}

@Article{Weiglhofer1995,
  author  = {Weiglhofer, W. and Lakhtakia, A.},
  title   = {On Singularities of Dyadic Green Functions and Long Wavelength Scattering},
  journal = {Electromagnetics},
  year    = {1995},
  volume  = {15},
  pages   = {209-222},
  doi     = {10.1080/02726349508908415},
}

@Article{Broad57,
	author  = {Broadbent, S. R. and Hammersley, J. M},
	title   = {Percolation processes. I. Crystals and mazes.},
	journal = {Proc. Cambridge Philos. Soc.},
	year    = {1957},
	volume  = {53},
	pages   = {629-641},
	doi     = {10.1017/S0305004100032680}
}

@Article{Dudney1989,
  author  = {Dudney, N.},
  title   = {Composite electrolytes},
  journal = {Annu. Rev. Mater. Sci.},
  year    = {1989},
  volume  = {19},
  pages   = {103-120},
  doi     = {10.1146/annurev.ms.19.080189.000535},
}

@Book{Hunter2001,
  title     = {Foundations of colloid science},
  publisher = {Oxford University Press},
  year      = {2001},
  author    = {Hunter, R. J.},
  edition   = {2nd},
}

@Book{Chelidze,
  title     = {Ýëåêòðè÷åñêàÿ ñïåêòðîñêîïèÿ ãåòåðîãåííûõ ñèñòåì},
  publisher = {Íàóêîâà äóìêà, Êè¿â},
  year      = {1977},
  author    = {×åëèäçå, Ò. Ë. and Äåðåâÿíêî, À. È. and Êóðèëåíêî, Î. Ä.},
  language  = {ukrainian},
}

@Article{Sen1981,
  author  = {Sen, P. and Scala, C. and Cohen, M.},
  title   = {A self-similar model for sedimentary rocks with application to the dielectric constant of fused glass beads},
  journal = {Geophysics},
  year    = {1981},
  volume  = {46},
  pages   = {781-795},
  doi     = {10.1190/1.1441215},
}

@Article{Simpkin2010,
  author  = {Simpkin, R.},
  title   = {Derivation of Lichtenecker's Logarithmic Mixture Formula From Maxwell's Equations},
  journal = {IEEE Transactions on Microwave Theory and Techniques},
  year    = {2010},
  volume  = {58},
  pages   = {545-550},
  doi     = {10.1109/TMTT.2010.2040406},
}

@Article{Goncharenko2000,
	author  = {Goncharenko, A. V. and Lozovski, V. Z. and Venger, E. F.},
	title   = {Lichtenecker’s equation: applicability and limitations},
	journal = {Optics Communications},
	year    = {2000},
	volume  = {174},
	pages   = {19-32},
	doi     = {10.1016/S0030-4018(99)00695-1},
}

@Article{Licht1926,
  author  = {Lichtenecker, K.},
  title   = {Die Dielektrizit\"atskonstante nat\"urlicher und k\"unstlicher Mischk\"orper},
  journal = {Phys. Zeitschr.},
  year    = {1926},
  volume  = {27},
  pages   = {115-158},
}

@Article{Cule1999,
	author  = {Cule, D. and Torquato, S.},
	title   = {Generating random media from limited microstructural information via stochastic optimization},
	journal = {Journal of Applied Physics},
	year    = {1999},
	volume  = {86},
	pages   = {3428–3437},
	doi     = {10.1063/1.371225},
}

@Article{Beran1965,
	author  = {Beran, M.},
	title   = {Use of the vibrational approach to determine bounds for the effective permittivity in random media},
	journal = {Nuovo Cimento},
	year    = {1965},
	volume  = {38},
	pages   = {771-782},
	doi     = {10.1007/BF02748596},
}

@Article{HS1962,
  author  = {Hashin, Z. and Shtrikman, S.},
  title   = {A Variational Approach to the Theory of the Effective Magnetic Permeability of Multiphase Materials},
  journal = {J. Appl. Phys.},
  year    = {1962},
  volume  = {33},
  pages   = {3125, 9pp.},
  doi     = {10.1088/0957-0233/24/2/025304},
}

@Article{Wiener1912,
	author  = {Wiener, O.},
	title   = {Die {T}heorie des {M}ischk\"orpers f\"ur das {F}eld der {S}tation\"aren {S}tr\"omung},
	journal = {Abh. Math. Phys. K1 K\"onigl. S\"achs. Ges},
	year    = {1912},
	volume  = {32},
	pages   = {509},
}

@Article{Chelidze1999,
  author  = {Chelidze, T. and Gueguen, Y.},
  title   = {Electrical spectroscopy of porous rocks: a review - I. Theoretical models},
  journal = {Geophys. J. Int.},
  year    = {1999},
  volume  = {137},
  pages   = {1-15},
  doi     = {10.1046/j.1365-246x.1999.00799.x},
}

@Book{Becher1987,
  title     = {Encyclopedia of Emulsion Technology: Basic Theory, Measurement, Applications},
  publisher = {Marcel Dekker Inc.},
  year      = {1987},
  author    = {Davis, B. W.},
  editor    = {Becher, P.},
  volume    = {3},
}


@Book{Sihvola1999,
	title     = {Electromagnetic
	Mixing Formulas
	and Applications},
	publisher = {The Institution of Engineering and Technology},
	year      = {1999},
	author    = {Sihvola, A.}
}

@Article{Sihvola2000,
	author  = {Sihvola, A.},
	title   = {Mixing rules with complex dielectric coefficients},
	journal = {Subsurface Sensing Technologies and Applications},
	year    = {2000},
	volume  = {1},
	pages   = {393-415},
	doi     = {10.1023/A:1026511515005},
}

@Article{Sihvola2007,
  author  = {Jylh{\"a}, L. and Sihvola, A.},
  title   = {Equation for the effective permittivity of particle-filled composites for material design applications},
  journal = {J. Phys. D: Appl. Phys.},
  year    = {2007},
  volume  = {40},
  pages   = {4966-4973},
  doi     = {10.1088/0022-3727/40/16/032},
}

@Article{Mejdoubi2007,
  author  = {Mejdoubi, A. and Brosseau, C.},
  title   = {Controllable effective complex permittivity of functionally graded composite materials: A numerical investigation},
  journal = {J. Appl. Phys.},
  year    = {2007},
  volume  = {102},
  pages   = {094105, 10pp.},
  doi     = {10.1063/1.2803879},
}

@Article{Sen1989,
	author  = {Sen, A.K. and Torquato, S.},
	title   = {Effective conductivity of anisotropic two-phase composite media},
	journal = {Phys Rev B},
	year    = {1989},
	volume  = {39},
	pages   = {4504-4515},
}
@Article{Torquato1991,
	author  = {Torquato, S.},
	title   = {Random heterogeneous media: microstructure and
	improved bounds on effective properties},
	journal = {Appl. Mech. Rev.},
	year    = {1991},
	volume  = {44},
	pages   = {37-76},
}
@Book{Torquato,
  title     = {Random Heterogeneous Materials: Microstructure and Macroscopic Propertie},
  publisher = {Springer, New York},
  year      = {2002},
  author    = {Torquato, S.},
}

@Article{Sillars1937,
  author  = {Sillars, R. W.},
  title   = {The properties of a dielectric containing semi-conducting particles of various shapes},
  journal = {J. Inst. Electr. Eng.},
  year    = {1937},
  volume  = {80},
  pages   = {378-394},
  doi = {10.1049/jiee-1.1937.0058}
}

@Article{Dumas1983,
	author  = {Dumas, P. and Dubarry-Barbe, J. and Riviere, D. and Levy, Y. and Corset, J.},
	title   = {Growth of thin alumina film on aluminium at room temperature: A kinetic and spectroscopy study by surface plasmon excitation},
	journal = {Journal de Physique},
	year    = {1983},
	volume  = {44},
	pages   = {205-208},
	doi     = {10.1051/jphyscol:19831042}
}

@Article{Brailsford1986,
	author  = {Brailsford, A. D.},
	title   = {A phenomenological classification of the electrical conductivity of dispersed solid electrolyte systems},
	journal = {Solid State Ionics},
	year    = {1986},
	volume  = {21},
	pages   = {159-169},
	doi = {10.1016/0167-2738(86)90207-9}
}

@Article{Chettiar2012,
	author  = {Chettiar, U. and Engheta, N.},
	title   = {Internal homogenization: Effective permittivity of a coated sphere},
	journal = {Optics Express},
	year    = {2012},
	volume  = {20},
	pages   = {22976-22986},
	doi 	= {10.1364/OE.20.022976}
}

@Article{TorquatoCoreShell,
	author  = {Torquato, S.},
	title   = {Bulk properties of twophase disordered media. I. Cluster expansion for the effective dielectric constant of dispersions of penetrable spheres},
	journal = {J. Chem. Phys.},
	year    = {1984},
	volume  = {81},
	pages   = {5079-5088},
	doi = {10.1063/1.447497},
}

@ARTICLE{Lifshitz1950,
	language = {ukrainian},
	author = {Ëèôøèö, È. Ì. and Êàãàíîâ, Ì. È. and Öóêåðíèê, Â. Ì.},
	journal = {Òðóäû ôèçè÷. îòäåëåíèÿ ôèç.-ìàò. ôàêóëüòåòà},
	year = {1950},
	volume = {2},
	pages = {41},	
	title = {Ó÷åíûå çàïèñêè Õàðüêîâñêîãî ãîñóäàðñòâåííîãî
	óíèâåðñèòåòà},
}

@ARTICLE{Ryzhov1965,
	author = {Ryzhov, Yu. A. and Tamo\u{i}kin, V. V. and Tatarski\u{i}, V. I.},
	title = {Spacal dispersion of inhomogeneous media},
	journal = {Sov. Phys. JETP},
	year = {1965},
	volume = {21},
	pages = {433-438},
}

@ARTICLE{RyzhovRev,
	author = {Ryzhov, Yu. A. and Tamoikin},
	title = {Radiation and propagation of electromagnetic waves in randomly inhomogeneous media},
	journal = {Radiophys. Quantum Electron.},
	year = {1970},
	volume = {13},
	pages = {273-300},
}

@ARTICLE{Tsang1981,
  author = {Tsang, L. and Kong, J. A.},
  title = {Scattering of electromagnetic waves from random media with strong permittivity fluctuations},
  journal = {Radio Sci.},
  year = {1981},
  volume = {16},
  pages = {303-320},
  doi = {10.1029/RS016i003p00303}
}

@ARTICLE{Zhuk1994,
	author = {Zhuk, N. P.},
	title = {Strong-fluctuation theory for a mean electromagnetic field in a statistically homogeneous random medium with arbitrary anisotropy of electrical and statistical properties},
	journal = {Phys. Rev. B},
	year = {1994},
	volume = {50},
	pages = {15636-15645},
}

@Book{Mackay,
	title     = {Homogenization of linear and nonlinear composite
	materials, Introduction to complex mediums for optics and electromagnetics},
	publisher = {SPIE Press, Bellingham, WA},
	year      = {2003},
	author    = {Mackay, T. G.},
	editors   = {Weiglhofer, W. S.  and Lakhtakia, A.}
}

@ARTICLE{Mackay2001,
	author = {Mackay, T. G. and Lakhtakia, A. and Weiglhofer, W. S.},
	title = {Third-order implementation and convergence of the strong-property-fluctuation theory
	in electromagnetic homogenization},
	journal = {Phys. Rev. E},
	year = {2001},
	volume = {64},
	pages = {066616, 9pp.},
	doi = {10.1103/PhysRevE.64.066616}
}

@ARTICLE{Ross2004,
	author = {Ross, B. M. and Lakhtakia, A.},
	title = {Bruggeman approach for isotropic chiral mixtures revised},
	journal = {Microwave and optical technology letters},
	year = {2004},
	volume = {44},
	pages = {524-527},
	doi = {10.1002/mop.20685}
}

@ARTICLE{Davis2009,
	author = {Davis, P. M. and Knopoff, L.},
	title = {The elastic modulus, percolation, and disaggregation of strongly interacting, intersecting antiplane cracks},
	journal = {PNAS},
	year = {2009},
	volume = {106},
	pages = {12634-12639},
	doi = {10.1073/pnas.0903014106}
}

@ARTICLE{Zhou2012,
	author = {Zhou, W. and Hinojosa, B. B. and Nino, J. C.},
	title = {Applicability of the Bruggeman Equation for Analyzing Dielectric Slurries Containing Ceramic Powders with High Permittivity},
	journal = {Journal of the American Ceramic Society},
	year = {2012},
	volume = {95},
	pages = {457-460},
	doi = {10.1111/j.1551-2916.2011.05010.x}
}

@ARTICLE{Chelidze1982,
	author = {Chelidze, T. L.},
	title = {Percolation and fracture},
	journal = {Physics of the Earth and Planetary Interiors},
	year = {1982},
	volume = {28},
	pages = {93-101},
	doi = {10.1016/0031-9201(82)90075-9}
}

@ARTICLE{Cardy1985,
	author = {Cardy, J. L. and Grassberger, P.},
	title = {Epidemic models and percolation},
	journal = {J. Phys. A: Math. Gen.},
	year = {1985},
	volume = {18},
	pages = {L267-L271},
	doi = {10.1088/0305-4470/18/6/001}
}

@ARTICLE{Miller2009,
	author = {Miller, J. C.},
	title = {Percolation and epidemics in random clustered networks},
	journal = {Phys. Rev. E},
	year = {2009},
	volume = {80},
	pages = {020901, 4pp.},
	doi = {10.1103/PhysRevE.80.020901}
}

@ARTICLE{Bonasera2020,
	author = {Bonasera, A. and Zhang, S.},
	title = {Chaos, Percolation and the Coronavirus Spread},
	journal = {Front. Phys.},
	year = {2020},
	volume = {8},
	pages = {171, 5pp.},
	doi = {10.3389/fphy.2020.00171}
}

@ARTICLE{Bourret1962,
	author = {Bourret, R. C.},
	title = {Stochastically perturbed fields, with applications to wave propagation in random media},
	journal = {Nuovo Cimento},
	year = {1962},
	volume = {26},
	pages = {1-31},
	doi = {10.1007/BF02754339}
}

@ARTICLE{Scher1970,
	author = {Scher, H. and Zallen, R.},
	title = {Critical density in percolation processes},
	journal = {J. Chem. Phys.},
	year = {1970},
	volume = {53},
	pages = {3759-3761},
	doi = {10.1063/1.1674565}
}

@ARTICLE{Powel1979,
	author = {Powel, M. J.},
	title = {Site percolation in randomly packed spheres},
	journal = {Phys. Rev. B},
	year = {1979},
	volume = {20},
	pages = {4194-4198},
	doi = {10.1103/PhysRevB.20.4194}
}

@Book{Bollobas,
	title     = {Percolation},
	publisher = {Cambridge university press},
	year      = {2006},
	author    = {Bollob\'as, B. and Riordan, O.},
}

@Book{Meester,
	title     = {Continuum percolation},
	publisher = {Cambridge university press},
	year      = {1996},
	author    = {Meester, R. and Roy, R.},
}

@Book{Sahimi2,
	title     = {Applications of percolation theory},
	publisher = {CRC Press},
	year      = {1994},
	author    = {Sahimi, M.},
}

@Book{Sahimi,
	title     = {Heterogeneous materials I: Linear transport and optical properties},
	publisher = {Springer-Verlag},
	year      = {2003},
	author    = {Sahimi, M.},
}

@Book{Hunt,
	title     = {Percolation Theory for Flow in Porous Media},
	publisher = {Springer-Verlag},
	year      = {2009},
	author    = {Hunt, A. and Ewing, R.},
}

@Book{Aharony,
	author    = {Stauffer, D. and Aharony, A.},
	title     = {Introduction to percolation theory},
	edition   = {2nd},
	publisher = {Taylor \& Francis},
	year      = {2003},
}

@ARTICLE{Lurie1985,
	author = {Lurie, K. A. and Cherkaev, A. V.},
	title = {Optimization of properties of multicomponent isotropic composites},
	journal = {J. Optim. Theory Appl.},
	year = {1985},
	volume = {46},
	pages = {571},
}

@inbook{Tartar1979,
	author = {Tartar, L.},
	title = {Compensated compactness and applications to partial differential equations},
	booktitle = {Nonlinear Analysis and Mechanics, Heriot-Watt Symposium},
	date = {1979},
	editor = {Knops, R.J.},
	volume = {4},
	pages = {136-212},
	publisher = {London: Pitman Publishing Ltd.}
}


@ARTICLE{Tartar1990,
	author = {Tartar, L.},
	title = {H-measures, a new approach for studying homogenization, oscillations and concentration effects in partial differential equations},
	journal = {Proceedings of the Royal Society of Edinburgh: Section A Mathematics},
	year = {1990},
	volume = {115},
	pages = {193-230},
	doi = {10.1017/S0308210500020606}
}

@Book{Cioranescu,
	title     = {Introduction to homogenization},
	publisher = {Oxford university press},
	year      = {1999},
	author    = {Cioranescu, D. and Donato, P.},
}

@Book{Jikov,
	title     = {Homogenization of differential operators and integral functionals},
	publisher = {Springer-Verlag Berlin Heidelberg},
	year      = {1994},
	author    = {Jikov, V. V. and Kozlov, S. M. and Oleinik, O. A.},
}

@ARTICLE{Berlyand1997,
	author = {Berlyand, L. and Wehr, J.},
	title = {Non-{G}aussian Limiting Behavior of the Percolation Threshold in a Large System},
	journal = {Commun. Math. Phys.},
	year = {1997},
	volume = {185},
	pages = {73-92},
	doi = {10.1007/s002200050082}
}

@ARTICLE{Wertheim1963,
	author = {Wertheim, M. S.},
	title = {Exact solution of the {P}ercus-{Y}evick integral equation for hard spheres},
	journal = {Phys. Rev. Lett.},
	year = {1963},
	volume = {10},
	pages = {321-323},
	doi = {10.1103/PhysRevLett.10.321}
}

@ARTICLE{Lebowitz1964,
	author = {Lebowitz, J. L.},
	title = {Exact solution of generalized {P}ercus-{Y}evick equation for a mixture of hard spheres},
	journal = {Phys. Rev.},
	year = {1964},
	volume = {133},
	pages = {895-899},
	doi = { 10.1103/PhysRev.133.A895}
}

@ARTICLE{Reiss1959,
	author = {Reiss, H. and Frisch, H. L. and Lebowitz, J. L.},
	title = {Statistical Mechanics of Rigid Spheres},
	journal = {J. Chem. Phys.},
	year = {1959},
	volume = {31},
	pages = {369-380},
	doi = {10.1063/1.1730361}
}

@ARTICLE{Liang1973,
	author = {Liang, C. C.},
	title = {Conduction characteristics of the lithium iodide-aluminum oxide solid electrolytes},
	journal = {J. Electrochem. Soc.},
	year = {1973},
	volume = {120},
	pages = {1289-1292},
}

@ARTICLE{Maier1986,
	author = {Maier, J.},
	title = {On conductivity of polycrystalline materials},
	journal = {Ber. Bunsenges. Phys. Chem.},
	year = {1986},
	volume = {90},
	pages = {26-33},
	doi = {10.1002/bbpc.19860900105}
}

@ARTICLE{Dudney1987,
	author = {Dudney, N. J.},
	title = {Enhanced ionic conduction in $\rm AgCl-Al_2O_3$ composites induced by plastic deformation},
	journal = {J. Am. Ceram. Soc.},
	year = {1987},
	volume = {70},
	pages = {65-68},
	doi = {10.1111/j.1151-2916.1987.tb04930.x}
}

@ARTICLE{Dudney1988,
	author = {Dudney, N. J.},
	title = {Enhanced ionic conductivity composite electrolytes},
	journal = {Solid State Ionics},
	year = {1988},
	volume = {28/30},
	pages = {1065-1072},
	doi = {10.1016/0167-2738(88)90332-3}
}

@ARTICLE{Muhlherr1988,
	author = {M{\"u}hlherr, S. and L{\"a}uger, K. and Schreck, E. and Dransfeld, K. and Nicoloso, N.},
	title = {The Ionic Conductivity Profile of Thin Evaporated AgCI Films on a Planar Sapphire Substrate},
	journal = {Solid State Ionics},
	year = {1988},
	volume = {28/30},
	pages = {1495-1505},
	doi = {10.1016/0167-2738(88)90411-0}
}

@Article{Phipps1981,
	author  = {Phipps, J. B. and Johnson, D. L. and Whitmore, D. H.},
	title   = {Effect of composition and imperfections on ion transport in lithium iodine},
	journal = {Solid State Ionics},
	year    = {1981},
	volume  = {5},
	pages   = {393-396},
	doi = {10.1016/0167-2738(81)90275-7}
}

@Article{Atkinson1988,
	author  = {Atkinson, A.},
	title   = {Surface and Interface Mass Transport in
	Ionic Materials},
	journal = {Solid State Ionics},
	year    = {1988},
	volume  = {28/30},
	pages   = {1377-1387},
	doi = {10.1016/0167-2738(88)90390-6}
}

@Article{Wen1983,
	author  = {Wen, T. L. and Huggins, R. A. and Rabenau, A. and Weppner, W.},
	title   = {On the co-ionic conductivity in $\rm CaF_2$},
	journal = {Revue de Chimie Min\'erale},
	year    = {1983},
	volume  = {20},
	pages   = {643},
}

@Article{Dupree1983,
	author  = {Dupree, R. and Howells, J. R. and Hooper, A. and Poulsen, F. W.},
	title   = {NMR Studies of Lithium Iodide Based Solid Electrolytes},
	journal = {Solid State Ionics},
	year    = {1983},
	volume  = {9/10},
	pages   = {131-133},
	doi = {10.1016/0167-2738(83)90221-7}
}

@ARTICLE{Dudney1985,
	author = {Dudney, N. J.},
	title = {Effect of Interfacial Space-Charge Polarization on the Ionic Conductivity of Composite Electrolytes},
	journal = {J. Am. Ceram. Soc.},
	year = {1985},
	volume = {68},
	pages = {538-545},
	doi = {j.1151-2916.1985.tb11520.x}
}

@Article{Jow1979,
	author  = {Jow, T. and Wagner, J. B. Jr.},
	title   = {The effect of dispersed alumina particles on the electrical conductivity of cuprous chloride},
	journal = {J. Electrochem. Soc.},
	year    = {1979},
	volume  = {126},
	pages   = {1963-1972},
	doi = {10.1149/1.2128835}
}

@ARTICLE{Maier1984,
	author = {Maier, J.},
	title = {Surface Induced Defects in the Space Charge
	Region and the Enhancement of Ionic Conductivity in
	Two-Phase Systems},
	journal = {Phys. Stat. Sol. (b)},
	year = {1984},
	volume = {123},
	pages = {K89-K91},
	doi = {10.1002/pssb.2221230160},
	%note = {124, K187 (1984)}
}

@Article{Maier1985,
	author  = {Maier, J.},
	title   = {Space charge regions in solid two-phase systems and their conduction contribution -- I. Conductance enhancement in the system ionic conductor-``inert'' phase and application on AgCl:Al2O3 and AgCl:SiO2},
	journal = {J. Phys. Chem. Solids},
	year    = {1985},
	volume  = {46},
	pages   = {309-320},
	doi		= {10.1016/0022-3697(85)90172-6}
}

@Article{Phipps1983,
	author  = {Phipps, J. B. and Whitmore, D. H.},
	title   = {Ioin Transport in $\rm LiI-SiO_2$ Composites},
	journal = {Solid State Ionics},
	year    = {1983},
	volume  = {9/10},
	pages   = {123-130},
	doi = {10.1016/0167-2738(83)90220-5}
}

@ARTICLE{Ploch1988,
	author = {Plocharski, J. and Wieczorek, W.},
	title   = {{PEO} Based Composite Solid Electrolyte Containing {NASICON}},
	journal = {Solid State Ionics},
	year = {1988},
	volume = {28-30},
	pages = {979-982},
}

@ARTICLE{Ferry1997,
	author = {Ferry, A.},
	title = {Ionic Interactions and Transport Properties in Methyl Terminated Poly(propylene glycol)(4000) Complexed with LiCF$_3$SO$_3$},
	journal = {J. Phys. Chem. B},
	year = {1997},
	volume = {101},
	pages = {150-157},
	doi = {10.1021/jp962739u}
}

@ARTICLE{Hou2004,
	author = {Hou, W.-H. and Chen, Ch.-Yu.},
	title = {Studies on comb-like polymer electrolyte with a nitrile group},
	journal = {Electrochimica Acta},
	year = {2004},
	volume = {49},
	pages = {2105-2112},
	doi = {10.1016/j.electacta.2003.12.035}
}

@ARTICLE{Schmidt1988,
	author = {Schmidt, J. A. and Baz{\'a}n, J. C. and Vico, L.},
	title = {Interaction of AgI with $\rm \gamma-Al_2O_3$},
	journal = {Solid State Ionics},
	year = {1988},
	volume = {27},
	pages = {1-4},
	doi = {10.1016/0167-2738(88)90482-1}
}

@Comment{jabref-meta: databaseType:bibtex;}
