% Encoding: UTF-8

@ARTICLE{Sushko2013,
  author  = {Sushko, M.Ya. and Semenov, A.K.},
  title   = {Conductivity and permittivity of dispersed systems with penetrable particle-host interphase},
  journal = {Cond. Matter Phys.},
  year    = {2013},
  volume  = {16(1)},
  pages   = {13401},
  doi     = {10.5488/CMP.16.13401},
}

@InProceedings{Semenov2015,
  author    = {Semenov, A. K. and Sushko, M. Ya.},
  title     = {A model for conductivity and permittivity of heterogeneous systems with complex microstructures},
  booktitle = {2015 International Young Scientists Forum on Applied Physics (YSF)},
  year      = {2015},
  doi       = {10.1109/YSF.2015.7333251},
}

@Article{Semenov2018,
  author  = {Semenov, A. K.},
  title   = {On applicability of differential mixing rules for statistically homogeneous and isotropic dispersions},
  journal = {J. Phys. Commun.},
  year    = {2018},
  volume  = {2},
  pages   = {035045},
  doi     = {10.1088/2399-6528/aab060},
}

@Comment{jabref-meta: databaseType:bibtex;}
